1938 3214
276 113 328 150 38
562 122 712 149 ARKIV
743 112 835 151 Foss
868 122 1094 151 BOTANIK.
1158 124 1288 152 BAND
1321 115 1360 153 4.
1423 125 1503 154 N:o
1535 117 1568 154 1.

1903 0 1938 183 3

274 220 525 273 exemplars
571 234 662 261 von
706 221 762 261 D.
802 221 1104 271 laticostatmn„
1154 223 1234 262 das
1280 223 1351 263 ich
1391 223 1540 265 Herrn
1577 225 1655 266 Dr.
1688 225 1884 268 CARDOT
1926 219 1933 249 ‘'

274 287 518 336 verdanke,
567 286 683 328 habe
720 287 792 328 ich
822 288 941 329 mich
974 289 1253 342 iiberzeugen
1284 289 1479 339 konnen,
1512 291 1617 332 dass
1647 292 1703 332 D.
1737 292 1883 334 latico-
1926 282 1935 331 ἶ

275 359 434 395 statum
465 353 558 394 und
589 354 645 394 D.
679 355 970 407 cirrhz'jolimn
1002 355 1138 409 V'ollig
1169 356 1393 397 identisch
1423 357 1538 398 sind.

1920 340 1938 383 *ε

386 420 499 461 Weil
543 421 615 462 die
661 434 751 461 von
797 422 864 462 W.
904 422 952 462 P.
993 421 1241 462 SOHIMPER
1285 423 1350 463 als
1392 424 1447 463 D.
1482 424 1773 476 cirrhisolium
1810 425 1884 467 be·
1928 412 1933 415 “

274 492 446 528 nannte
491 488 675 529 Pflanze
719 489 836 529 noch
882 489 1009 529 nicht
1058 489 1349 530 beschrieben
1394 504 1497 540 war,
1546 491 1611 532 als
1649 492 1730 533 das
1767 492 1885 534 oben

273 559 502 608 genannte
542 555 677 596 Werk
709 570 799 596 von
831 556 1025 596 CARDOT
1056 556 1272 605 erschien,
1305 571 1427 598 muss
1458 557 1537 598 der
1568 572 1659 599 von
1690 558 1884 601 CARDo'r
1936 580 1938 585 ·

272 621 497 675 gegebene
527 621 672 663 Name
702 624 758 663 D.
792 624 1080 664 laticostataemz,
1111 623 1198 664 den
1230 624 1427 664 Vortritt
1459 624 1622 666 haben.

384 723 629 764 Dicranum
659 724 990 764 dico-anellatmn
1021 724 1138 764 DUS.

387 800 554 841 Princ.
589 801 715 854 Exp.
749 801 931 854 Patag.
966 815 1008 854 p.
1045 804 1109 850 74,
1144 802 1237 842 tab.
1272 802 1399 850 VIII,
1434 802 1509 856 fig.
1545 806 1665 843 2—3.

386 878 506 918 Hab.
568 879 765 924 Fuegia
811 879 1067 920 australis
1113 880 1231 920 inter
1275 879 1447 920 flumen
1493 880 1580 921 Rio
1619 881 1801 922 Grande
1837 886 1883 923 et

273 944 421 985 lacum
452 945 501 985 L.
535 946 752 999 Fagnano
783 946 829 986 in
860 946 988 995 silva,
1022 946 1100 987 ubi
1131 947 1324 1000 speciem
1354 946 1580 988 fructibus
1610 949 1807 989 vetustis
1838 954 1883 989 et

272 1011 497 1053 fructibus
527 1013 817 1065 juvenalibus
848 1027 1001 1054 meuse
1022 1013 1242 1054 Januario
1265 1013 1372 1068 legit
1395 1013 1446 1055 O.
1470 1014 1881 1057 NORDENSKJC'JLD.

385 1090 515 1130 Pata
526 1092 647 1144 goni
657 1106 683 1132 a
714 1105 771 1132 oc
781 1091 933 1132 ciden
943 1092 1018 1132 tal
1029 1093 1041 1132 i
1051 1106 1070 1131 s
1102 1093 1147 1132 in
1179 1092 1296 1133 valle
1327 1093 1555 1146 superiore
1577 1092 1779 1134 fluminis
1797 1093 1884 1134 Rio

272 1154 424 1209 Aysen
456 1157 499 1196 in
533 1158 705 1198 truncis
736 1158 962 1198 arborum.

690 1301 884 1356 Subgen.
919 1310 1265 1345 Leiodieranum
1299 1303 1469 1344 LIMPR.

385 1402 631 1443 Dicramcm
662 1404 950 1455 leucopterum
985 1404 1030 1444 (ἵ.
1064 1404 1209 1445 MULL.

387 1480 505 1521 Hab.
567 1481 764 1535 Fuegia
796 1481 1076 1522 orientalis
1107 1482 1166 1522 ad
1197 1482 1368 1523 flumen
1390 1482 1477 1523 Rio
1501 1482 1680 1524 Condor
1701 1483 1747 1523 in
1764 1487 1885 1524 terra

275 1547 536 1601 subaperta‚
586 1548 664 1588 ubi
711 1549 905 1602 speciem
951 1548 1174 1589 fructibus
1216 1549 1406 1589 maturis
1443 1549 1702 1603 praeditam
1731 1563 1884 1591 mense

276 1614 524 1655 Februario
555 1615 654 1668 legi.

385 1693 582 1746 Fuegia
628 1693 883 1734 australis
929 1693 987 1734 ad
1033 1692 1237 1734 Ushuaia
1283 1694 1327 1733 in
1365 1698 1485 1734 terra
1523 1699 1683 1747 aperta
1713 1695 1884 1736 subhu-

273 1761 409 1809 mida‚
462 1761 540 1801 ubi
586 1761 793 1814 plantam
840 1761 1015 1802 fructus
1062 1765 1345 1814 permaturos
1392 1761 1687 1814 praebentem
1732 1775 1884 1803 mense

273 1828 397 1882 Majo
427 1828 526 1882 legi.

385 1930 631 1971 Dim-amam
661 1930 904 1982 lasniqerum
935 1929 980 1969 C.
1014 1929 1160 1970 MULL.

386 2006 507 2048 Hab.
568 2007 767 2061 Fuegia
798 2007 1057 2048 australis
1088 2007 1134 2047 in
1165 2006 1282 2047 valle
1313 2006 1514 2047 fluminis
1536 2006 1623 2046 Rio
1645 2005 1884 2060 Azopardo

274 2078 320 2115 et
351 2074 409 2114 ad
440 2078 609 2115 terram
639 2079 686 2115 et
716 2074 775 2115 ad
806 2079 992 2114 truncos
1024 2074 1250 2115 arborum.

386 2152 685 2206 Patagonia
716 2152 1071 2193 occidentalis
1102 2152 1148 2192 in
1180 2151 1296 2192 valle
1328 2152 1557 2205 superiore
1580 2151 1779 2192 fluminis
1798 2151 1884 2191 Rio

275 2219 427 2273 Aysen
458 2219 504 2259 in
535 2220 707 2259 truncis
738 2218 933 2272 putridis
964 2220 1010 2259 in
1042 2218 1120 2259 alt.
1155 2234 1190 2259 e.
1226 2223 1305 2259 800
1335 2232 1381 2259 m
1412 2233 1445 2259 s.
1479 2232 1537 2259 m.

386 2297 531 2338 Chile
576 2296 851 2345 australis,
899 2296 1142 2338 Cordillera
1187 2296 1242 2337 de
1284 2297 1327 2337 la
1368 2296 1506 2338 Costa
1552 2309 1689 2350 supra
1738 2295 1884 2350 Angol

274 2363 493 2417 oppidum
543 2364 602 2404 ad
647 2369 832 2405 truncos
878 2363 1150 2404 Araucariae
1195 2363 1460 2404 imbricatae
1504 2366 1549 2403 et
1595 2362 1654 2403 ad
1699 2366 1883 2403 truncos

274 2435 586 2484 putrescentes
618 2432 663 2471 in
694 2430 773 2472 alt.
807 2445 843 2471 c.
883 2434 1155 2471 1000-1125
1186 2444 1230 2470 m
1261 2445 1294 2470 s.
1330 2444 1387 2470 m.

385 2531 631 2572 Dioranum
660 2531 928 2584 aciphyllmn
959 2531 1118 2572 HOOK.
1153 2530 1215 2570 fil.
1249 2535 1294 2571 et
1324 2530 1467 2572 WILS.

386 2607 505 2649 Hab.
567 2608 694 2649 Pars
725 2608 1079 2649 occidentalis
1111 2609 1325 2649 territorii
1355 2607 1638 2662 magellanici
1667 2608 1715 2648 in
1736 2606 1883 2648 insula

273 2674 542 2715 Desolacion
573 2675 633 2716 ad
663 2675 832 2716 Puerto
862 2675 1068 2729 Angosto
1098 2675 1145 2715 in
1176 2675 1347 2715 truncis
1378 2674 1574 2728 putridis
1605 2674 1827 2726 saxisque.
