1938 3214
228 97 266 125 P.
303 85 477 132 misen,
514 95 788 126 BRYOLOGIE
822 96 918 125 ΗΕΒ
947 90 1438 127 MAGELLANSLXNmxl<
1476 100 1570 128 wrc.
1680 93 1702 130 3

588 274 698 315 Gen.
732 275 1024 317 Ditriehum
1054 274 1200 315 Tum.

535 387 730 441 Subgen.
767 394 1070 428 Asehistodon
1103 387 1260 428 MONT.

199 500 450 542 Ditrz'chnm
481 502 679 542 conicum
715 501 911 552 (MONT.)
944 501 1057 542 PAR.

200 578 319 620 Hab.
382 579 528 620 Chile
573 579 830 620 australis
882 579 939 620 ad
987 580 1156 620 Puerto
1201 579 1353 620 Montt
1402 580 1619 634 oppidum
1663 583 1707 622 in

87 651 206 686 terra
252 646 542 695 subhumida,
582 660 802 691 muscosa,
848 647 924 687 ubi
963 646 1169 700 plantam
1208 646 1469 695 masculam,
1504 648 1708 690 caulibus

85 712 349 754 densissime
381 714 610 761 confertis,
645 715 867 768 caespites
898 715 1120 755 maximos
1151 713 1426 755 formantem
1459 716 1624 756 inveni.

199 791 497 846 Patagonia
521 792 877 834 occidentalis
900 794 945 833 in
968 792 1085 834 valle
1107 792 1308 834 fluminis
1330 792 1482 847 Aysen
1504 794 1549 834 in
1572 801 1704 836 terra.

198 915 449 956 Ditrichum
479 916 710 969 lzyalc'num
744 916 919 967 (MJTT.)
953 916 1066 957 PAR.

197 993 318 1035 Hab.
381 994 579 1048 Fuegia
626 994 909 1036 orientalis
955 1008 1095 1049 prope
1133 995 1220 1036 Rio
1258 995 1440 1037 Grande
1472 997 1516 1036 in
1548 1010 1708 1050 campo

83 1059 142 1102 ad
174 1066 342 1102 terram
374 1061 710 1103 subhumidam.

196 1184 447 1226 Ditriclzum
478 1185 670 1227 Hoolcerz‘
703 1185 767 1236 (C.
800 1185 974 1236 MULL.)
1007 1185 1127 1226 HPE.

198 1263 317 1304 Hab.
380 1263 507 1305 Pars
552 1263 907 1305 occidentalis
953 1265 1167 1305 territorii
1204 1265 1487 1319 magellaniei
1524 1266 1583 1307 ad
1622 1267 1708 1307 Pu-

84 1335 182 1372 erto
212 1330 418 1385 Angosto
449 1332 495 1372 in
527 1332 646 1372 saxis
677 1331 958 1385 rupibusque
988 1332 1169 1386 pluribi.

197 1409 497 1464 Patagonia
520 1410 878 1451 occidentalis
900 1411 946 1451 in
968 1410 1086 1452 valle
1108 1410 1308 1453 fluminis
1330 1411 1483 1466 Aysen
1504 1413 1549 1454 in
1572 1417 1705 1454 terra.

196 1533 447 1575 Ditrichum
478 1534 736 1587 lonqisetum
774 1534 927 1585 (LOR.)
960 1534 1081 1575 HPE.

197 1612 317 1654 Hab.
379 1613 679 1667 Patagonia
711 1613 1067 1654 occidentalis
1098 1614 1141 1654 in
1175 1613 1293 1655 valle
1324 1614 1525 1656 fluminis
1556 1615 1708 1670 Aysen

83 1681 130 1721 in
161 1681 294 1721 saxis.

194 1758 493 1813 Argentina
529 1759 589 1800 ad
619 1759 790 1801 Puerto
822 1759 949 1801 Blest
980 1766 1165 1814 portum
1196 1761 1242 1801 in
1273 1760 1404 1802 litore
1436 1761 1706 1802 occidentali

82 1825 207 1868 lacus
236 1826 561 1881 Nahuelhuapi
592 1828 744 1876 situm,
778 1828 825 1868 in
856 1828 1030 1869 truncis
1061 1828 1289 1869 arborum.

196 1905 347 1947 Dense
402 1907 722 1960 caespitosum,
781 1920 974 1960 superne
1032 1920 1220 1948 amoene
1277 1907 1705 1955 aureo—brunneum‚

83 1973 441 2023 sefioeo-nitens;
475 1973 584 2015 folia
616 1974 663 2014 in
693 1975 822 2028 apice
853 1974 1256 2023 serrato-dentata,
1291 1974 1506 2015 dentibus
1528 1975 1704 2028 paucis3

83 2046 181 2082 seta
211 2041 402 2093 gracilis,
436 2055 581 2095 usque
613 2041 672 2083 ad
705 2047 729 2082 4
761 2056 832 2083 cm
863 2041 976 2092 altag
1011 2042 1197 2096 capsula
1229 2047 1421 2096 anguste
1443 2041 1703 2096 cylindriea.

193 2164 445 2207 Dz‘trichum
476 2165 721 2218 elonyatum
754 2165 933 2217 (Hoox.
966 2165 1029 2207 fil.
1063 2170 1109 2207 et
1140 2165 1303 2217 WILs.)
1335 2165 1472 2206 me

194 2243 316 2285 Hab.
377 2243 675 2298 Argent-ina
726 2244 786 2285 ad
836 2243 1010 2285 declive
1061 2244 1342 2286 occidentale
1386 2245 1556 2285 montis
1601 2243 1705 2285 Cor-

81 2309 239 2352 djllera
283 2311 340 2352 de
383 2311 450 2353 los
495 2311 649 2353 Andes
701 2313 755 2363 (c.
790 2310 869 2353 39Ο
889 2311 953 2353 30'
984 2312 1063 2353 lat.
1099 2311 1306 2362 austral.)
1347 2312 1393 2352 in
1429 2316 1551 2352 terra
1587 2312 1705 2352 sicea

81 2377 312 2420 silvarum.
373 2378 478 2433 Leg.
511 2379 561 2420 F.
593 2379 782 2421 NEGER.

505 2525 702 2580 Subgen.
736 2533 1050 2568 Euditriehum
1086 2525 1269 2566 BROTH.

191 2615 443 2657 Ditrichum
471 2615 613 2668 affine
645 2616 709 2667 (C.
743 2616 915 2668 MULL.)
948 2616 1069 2656 ΗΡΕ.

193 2693 314 2735 Hah.
375 2693 522 2736 Chile
566 2694 823 2736 australis
868 2694 927 2735 ad
972 2694 1256 2748 Concepoion
1301 2692 1461 2734 urbem
1496 2692 1544 2733 in
1579 2695 1700 2732 terra

81 2773 117 2801 0.
149 2760 203 2802 fr.
236 2760 568 2815 deoperculatis
600 2762 676 2813 (m.
711 2760 1006 2816 Septembri);
1041 2760 1100 2801 ad
1130 2758 1284 2801 Corral
1304 2763 1489 2813 portum
1509 2759 1556 2800 in
1577 2762 1699 2800 terra

79 2827 552 2882 argfflaeeo-sabulosa
582 2841 618 2870 c.
653 2828 706 2870 fr.
739 2829 931 2869 maturis
968 2829 1042 2879 (m.
1076 2826 1363 2877 Novembri).
