1938 3214
238 91 263 128 4
534 100 685 129 ARKIV
715 91 808 130 FoR
840 101 1068 131 BOTANIK.
1131 102 1263 130 ΒΑΜ)
1296 93 1336 130 4.
1399 102 1479 131 Nzo
1512 95 1544 132 1.

741 244 850 285 Gen.
886 247 1172 288 Ceratodon
1206 246 1344 286 BRID.

354 345 592 385 Ceratodon
622 360 866 399 purpureus
901 346 989 397 (L.)
1022 347 1162 386 ΕΒΗ).

351 422 470 463 Hab.
533 422 678 464 Chile
709 423 964 464 australis
996 423 1174 476 pluribi,
1208 437 1244 464 e.
1278 438 1337 477 gr
1375 423 1432 464 ad
1460 423 1748 466 Taloahuano
1770 439 1848 479 op-

239 490 398 543 pidum
428 491 475 530 in
505 491 711 543 rupibus;
746 491 805 531 ad
836 490 997 530 Tolten
1028 504 1195 543 pagum
1220 491 1265 530 in
1288 491 1420 531 tectis
1442 491 1845 543 frequentissimus.

353 590 590 631 Geratodon
620 605 867 643 purpumus
904 590 990 640 (L.)
1023 590 1163 630 BRID.

352 671 446 698 var.
479 658 773 711 amblyocalyoe
803 658 847 697 (f.
882 657 1034 697 MULL.

353 735 473 776 Hab.
535 735 680 776 Chile
711 734 967 775 australis
998 748 1137 788 prope
1169 736 1336 776 ostium
1367 735 1566 777 fluminis
1598 736 1684 776 Rio
1715 737 1850 778 Tirua

241 803 284 842 in
317 803 489 843 truncis
520 802 732 842 arborum
764 801 966 853 dejectis.
1766 815 1770 818 ·

353 881 649 934 Patagonia
695 880 950 920 australis
996 881 1041 920 in
1090 880 1205 920 valle
1251 881 1476 933 superiore
1522 880 1721 921 fluminis
1763 881 1849 921 Rio

242 947 449 1001 Gallegos
479 948 525 987 in
558 961 717 1000 eampo
748 946 805 987 ad
838 952 1022 995 terram,
1062 947 1139 987 ubi
1171 948 1365 1000 speciem
1395 947 1502 1001 legit
1534 946 1584 988 O.
1618 947 1850 988 NORDEN-

242 1017 444 1064 SKJoLD3
492 1015 551 1056 ad
597 1016 748 1055 Punta
793 1014 965 1054 Arenas
1011 1014 1230 1068 oppidum
1272 1015 1318 1054 in
1355 1019 1475 1055 terra
1507 1014 1694 1055 humida
1723 1029 1759 1056 o.
1794 1014 1846 1055 fr.

241 1081 333 1122 fere
362 1083 553 1122 maturis
586 1084 660 1132 (m.
694 1081 975 1132 Novembri).

352 1160 458 1200 Fue
466 1161 550 1213 gia
580 1159 1023 1213 septentrionalis
1055 1159 1114 1200 ad
1144 1160 1362 1200 Porvenir
1394 1160 1645 1213 emporium
1664 1160 1711 1200 in
1729 1164 1849 1201 terra

242 1225 428 1267 humida
459 1241 494 1267 e.
529 1226 580 1266 fr.
617 1226 708 1267 fere
738 1227 928 1266 maturis
962 1228 1036 1277 (m.
1072 1226 1344 1276 Decembri).

352 1304 549 1358 Fuegia
580 1303 860 1344 orientalis
891 1304 950 1345 ad
981 1304 1172 1344 Paramo
1204 1305 1250 1344 in
1282 1318 1441 1358 campo
1465 1304 1523 1344 ad
1545 1309 1713 1345 terram
1734 1319 1770 1345 o.
1795 1304 1847 1345 fr.

241 1372 431 1412 maturis
478 1373 552 1422 (m.
591 1371 848 1422 Januario);
896 1370 1035 1425 prope
1078 1371 1164 1411 Rio
1206 1371 1386 1412 Grande
1417 1373 1462 1412 in
1495 1385 1654 1425 campo
1684 1371 1849 1412 adusto

243 1452 278 1478 o.
314 1438 365 1478 fr.
400 1439 477 1478 vix
507 1439 698 1479 maturis
731 1440 807 1489 (m.
841 1438 1095 1488 JanuariO).

355 1516 438 1556 Die
470 1516 706 1570 Hauptart
738 1517 797 1557 ist
819 1516 935 1556 wohl
957 1516 1094 1557 kaum
1117 1517 1163 1557 in
1180 1516 1434 1557 Feuerland
1454 1515 1549 1556 und
1564 1517 1611 1556 in
1627 1515 1851 1570 Sijdpata-

242 1583 405 1636 gonien
449 1582 689 1636 gesundem
735 1583 937 1636 dagegen
973 1584 1030 1623 ist
1069 1583 1140 1623 die
1171 1597 1265 1623 var.
1299 1583 1593 1636 amblyocalyoe
1623 1583 1743 1624 eines
1773 1583 1852 1624 der

243 1649 582 1703 allgemeinsten
612 1650 764 1691 Moose
795 1651 841 1690 in
872 1650 951 1690 der
982 1649 1149 1703 Steppe
1181 1650 1324 1690 dieser
1355 1650 1555 1691 Gebiete.
1605 1649 1675 1690 Sie
1706 1649 1852 1691 findet

243 1716 338 1757 sich
368 1716 579 1757 reiohlioh
611 1717 854 1757 besonders
886 1717 957 1765 da,
991 1731 1059 1757 wo
1090 1717 1170 1758 der
1201 1716 1552 1771 Steppenboden
1583 1717 1851 1771 wenigstens

243 1784 461 1824 zeitweise
506 1784 663 1825 feueht
707 1784 864 1825 bleibt.
926 1784 1018 1825 Auf
1062 1784 1406 1838 abgebrannten
1451 1783 1637 1824 Platzen
1678 1798 1737 1824 an
1773 1784 1852 1824 der

242 1850 539 1905 Waldgrenze
569 1851 723 1892 Wurde
753 1852 815 1892 sie
846 1851 937 1892 fast
968 1856 1080 1892 stets
1111 1851 1353 1905 gesunden.

356 1951 594 1992 Cemtodon
624 1952 874 1993 convolutus
905 1952 1078 1992 REIOH.

356 2028 501 2070 Chile
546 2029 802 2070 australis
853 2029 912 2070 ad
954 2028 1244 2070 Taloahuano
1290 2029 1521 2083 oppidum,
1568 2030 1615 2069 in
1661 2029 1850 2083 rupibus

245 2095 404 2136 adesis.

356 2162 440 2203 Die
470 2163 706 2217 Hauptart
737 2178 829 2204 war
860 2164 927 2204 bis
958 2164 1071 2217 jetzt
1101 2178 1182 2204 aus
1205 2163 1307 2204 dem
1328 2163 1642 2204 betreffenden
1664 2162 1851 2204 Gebiete

244 2229 372 2270 nicht
403 2229 620 2271 bekannt.

710 2353 820 2394 Gen.
856 2354 1180 2396 Cheilothela
1211 2353 1384 2393 LINDB.

358 2455 620 2496 Cheilothela
649 2455 784 2496 dubia
814 2454 931 2495 DUS.
966 2468 1008 2495 n.
1043 2468 1107 2507 sp.

356 2533 418 2573 Di
429 2533 562 2583 oica,
596 2532 878 2573 densiusoule
909 2532 1173 2586 caespitosa‚
1208 2532 1483 2586 caespitibus
1513 2532 1736 2585 expansis,
1758 2544 1849 2572 sor-

246 2599 350 2640 dide
379 2599 877 2641 lutescenti-viridibus.

357 2677 550 2718 Planta
581 2676 821 2718 feminea.
884 2677 1060 2718 Caulis
1091 2676 1321 2718 interdum
1351 2677 1552 2730 simpleX,
1585 2676 1848 2730 plerumque

246 2744 420 2797 apicem
468 2758 624 2785 versus
680 2743 981 2785 fasciculatim
1026 2744 1098 2785 vel
1147 2743 1535 2785 subfascieulatim
1582 2741 1845 2789 ramulosus,

245 2810 429 2850 ramulis
473 2811 700 2859 brevibus,
749 2811 1008 2860 subereotis,
1056 2810 1116 2852 ad
1159 2810 1357 2851 medium
1399 2810 1471 2851 vel
1507 2810 1643 2851 altius
1672 2808 1847 2850 radicu-

245 2876 384 2926 losus;
418 2877 547 2918 folia
577 2877 788 2919 inferiora
818 2892 974 2932 parva,
1008 2879 1237 2932 superiora
1259 2891 1435 2918 sursum
1455 2877 1680 2931 gradatim
1701 2889 1847 2917 accre-
